<record><leader>00000cas a22000007a 4500</leader><controlfield tag="001">20086770</controlfield><controlfield tag="008">890728c19569999mouwr ne      0    0eng d</controlfield><datafield ind1=" " ind2=" " tag="010"><subfield code="a">sn 89066857 </subfield></datafield><datafield ind1=" " ind2=" " tag="040"><subfield code="a">MQN</subfield><subfield code="b">eng</subfield><subfield code="c">MQN</subfield><subfield code="d">OCLCQ</subfield></datafield><datafield ind1=" " ind2=" " tag="042"><subfield code="a">msc</subfield></datafield><datafield ind1="0" ind2=" " tag="130"><subfield code="a">Benton County enterprise (Warsaw, Mo. : 1956)</subfield></datafield><datafield ind1="1" ind2="0" tag="245"><subfield code="a">Benton County enterprise.</subfield></datafield><datafield ind1=" " ind2=" " tag="260"><subfield code="a">Warsaw, Mo. :</subfield><subfield code="b">Benton County Pub. Co.,</subfield><subfield code="c">1956-</subfield></datafield><datafield ind1=" " ind2=" " tag="300"><subfield code="a">v.</subfield></datafield><datafield ind1=" " ind2=" " tag="310"><subfield code="a">Weekly</subfield></datafield><datafield ind1="0" ind2=" " tag="362"><subfield code="a">Vol. 77, no. 9 (Mar. 1, 1956)-</subfield></datafield><datafield ind1=" " ind2=" " tag="752"><subfield code="a">United States</subfield><subfield code="b">Missouri</subfield><subfield code="c">Benton</subfield><subfield code="d">Warsaw.</subfield></datafield><datafield ind1="0" ind2="1" tag="780"><subfield code="t">Benton County guide</subfield><subfield code="w">(DLC)sn 89066859</subfield></datafield></record>